@inproceedings{helios,
author = {Adida, Ben},
title = {Helios: Web-Based Open-Audit Voting},
year = {2008},
publisher = {USENIX Association},
address = {USA},
booktitle = {Proceedings of the 17th Conference on Security Symposium},
pages = {335–348},
numpages = {14},
location = {San Jose, CA},
series = {SS'08}
}

@inproceedings{helios2,
author = {Adida, Ben and De Marneffe, Olivier and Pereira, Olivier and Quisquater, Jean-Jacques},
title = {Electing a University President Using Open-Audit Voting: Analysis of Real-World Use of {H}elios},
year = {2009},
publisher = {USENIX Association},
address = {USA},
booktitle = {Proceedings of the 2009 Conference on Electronic Voting Technology/Workshop on Trustworthy Elections},
pages = {10},
numpages = {1},
location = {Montreal, Canada},
series = {EVT/WOTE'09}
}

@InProceedings{bootle,
author="Bootle, Jonathan
and Cerulli, Andrea
and Chaidos, Pyrros
and Ghadafi, Essam
and Groth, Jens
and Petit, Christophe",
editor="Pernul, G{\"u}nther
and Y A Ryan, Peter
and Weippl, Edgar",
title="Short Accountable Ring Signatures Based on {DDH}",
booktitle="Computer Security -- ESORICS 2015",
year="2015",
publisher="Springer International Publishing",
address="Cham",
pages="243--265",
isbn="978-3-319-24174-6"
}

@misc{spark,
    author       = {Aram Jivanyan and
		    Aaron Feickert},
    title        = {Lelantus {S}park: Secure and Flexible Private Transactions},
    howpublished = {Cryptology ePrint Archive, Report 2021/1173},
    year         = {2021},
    note         = {\url{https://ia.cr/2021/1173}},
}

@inproceedings{cortier,
author = {Cortier, V\'{e}ronique and Galindo, David and Glondu, St\'{e}phane and Izabach\`{e}ne, Malika},
title = {Distributed {E}l{G}amal \`{a} La {P}edersen: Application to {H}elios},
year = {2013},
isbn = {9781450324854},
publisher = {Association for Computing Machinery},
address = {New York, NY, USA},
doi = {10.1145/2517840.2517852},
booktitle = {Proceedings of the 12th ACM Workshop on Workshop on Privacy in the Electronic Society},
pages = {131–142},
numpages = {12},
keywords = {helios, ballot privacy, implementation, fully distributed cryptosystem, voting protocols},
location = {Berlin, Germany},
series = {WPES '13}
}

@InProceedings{boneh,
author="Boneh, Dan
and Joux, Antoine
and Nguyen, Phong Q.",
editor="Okamoto, Tatsuaki",
title="Why Textbook {E}l{G}amal and {RSA} Encryption Are Insecure",
booktitle="Advances in Cryptology --- ASIACRYPT 2000",
year="2000",
publisher="Springer Berlin Heidelberg",
address="Berlin, Heidelberg",
pages="30--43",
isbn="978-3-540-44448-0"
}

@article{dimitriou,
title = {Efficient, Coercion-free and Universally Verifiable Blockchain-based Voting},
journal = {Computer Networks},
volume = {174},
pages = {107234},
year = {2020},
issn = {1389-1286},
doi = {10.1016/j.comnet.2020.107234},
author = {Tassos Dimitriou},
keywords = {Internet voting, Blockchains, Coercion resistance, Receipt-freeness, Universal verifiability, Commitments, },
}

@misc{saver,
    author       = {Jiwon Lee and
		    Jaekyoung Choi and
		    Jihye Kim and
		    Hyunok Oh},
    title        = {{SAVER}: {SNARK}-friendly, Additively-homomorphic, and Verifiable Encryption and decryption with Rerandomization},
    howpublished = {Cryptology ePrint Archive, Report 2019/1270},
    year         = {2019},
    note         = {\url{https://ia.cr/2019/1270}},
}

@article{pippenger,
  title={On the evaluation of powers and monomials},
  author={Pippenger, Nicholas},
  journal={SIAM Journal on Computing},
  volume={9},
  number={2},
  pages={230--250},
  year={1980},
  publisher={SIAM}
}

@InProceedings{efficient_shuffle,
author="Krips, Toomas
and Lipmaa, Helger",
editor="Paterson, Kenneth G.",
title="More Efficient Shuffle Argument from Unique Factorization",
booktitle="Topics in Cryptology -- CT-RSA 2021",
year="2021",
publisher="Springer International Publishing",
address="Cham",
pages="252--275",
isbn="978-3-030-75539-3"
}

@InProceedings{groth_shuffle,
author="Bayer, Stephanie
and Groth, Jens",
editor="Pointcheval, David
and Johansson, Thomas",
title="Efficient Zero-Knowledge Argument for Correctness of a Shuffle",
booktitle="Advances in Cryptology -- EUROCRYPT 2012",
year="2012",
publisher="Springer Berlin Heidelberg",
address="Berlin, Heidelberg",
pages="263--280",
isbn="978-3-642-29011-4"
}

@misc{electionguard,
author="Benaloh, Josh and Naehrig, Michael",
title="{E}lection{G}uard Specification v1.0",
howpublished={\url{https://www.electionguard.vote/spec/}}
}

@misc{kryvos,
      author = {Nicolas Huber and Ralf Kuesters and Toomas Krips and Julian Liedtke and Johannes Mueller and Daniel Rausch and Pascal Reisert and Andreas Vogt},
      title = {Kryvos: Publicly Tally-Hiding Verifiable E-Voting},
      howpublished = {Cryptology ePrint Archive, Paper 2022/1132},
      year = {2022},
      note = {\url{https://ia.cr/2022/1132}},
}

@misc{replay,
      author = {David Mestel and Johannes Mueller and Pascal Reisert},
      title = {How Efficient are Replay Attacks against Vote Privacy? {A} Formal Quantitative Analysis},
      howpublished = {Cryptology ePrint Archive, Paper 2022/743},
      year = {2022},
      note = {\url{https://ia.cr/2022/743}},
}
